<?xml version="1.0" encoding="UTF-8"?>
  <record xmlns="http://www.loc.gov/MARC21/slim" type="Authority">
    <leader>00000nz  a2200000nc 4500</leader>
    <controlfield tag="001">118628968</controlfield>
    <controlfield tag="003">DE-101</controlfield>
    <controlfield tag="005">20220310174351.0</controlfield>
    <controlfield tag="008">880701n||azznnaabn           | aaa    |c</controlfield>
    <datafield tag="024" ind1="7" ind2=" ">
      <subfield code="a">118628968</subfield>
      <subfield code="0">http://d-nb.info/gnd/118628968</subfield>
      <subfield code="2">gnd</subfield>
    </datafield>
    <datafield tag="035" ind1=" " ind2=" ">
      <subfield code="a">(DE-101)118628968</subfield>
    </datafield>
    <datafield tag="035" ind1=" " ind2=" ">
      <subfield code="a">(DE-588)118628968</subfield>
    </datafield>
    <datafield tag="035" ind1=" " ind2=" ">
      <subfield code="z">(DE-588)119694174</subfield>
    </datafield>
    <datafield tag="035" ind1=" " ind2=" ">
      <subfield code="z">(DE-588a)119694174</subfield>
      <subfield code="9">v:zg</subfield>
    </datafield>
    <datafield tag="035" ind1=" " ind2=" ">
      <subfield code="z">(DE-588)174118333</subfield>
    </datafield>
    <datafield tag="035" ind1=" " ind2=" ">
      <subfield code="z">(DE-588a)174118333</subfield>
      <subfield code="9">v:zg</subfield>
    </datafield>
    <datafield tag="035" ind1=" " ind2=" ">
      <subfield code="z">(DE-588a)118628968</subfield>
      <subfield code="9">v:zg</subfield>
    </datafield>
    <datafield tag="035" ind1=" " ind2=" ">
      <subfield code="z">(DE-588c)4064497-2</subfield>
      <subfield code="9">v:zg</subfield>
    </datafield>
    <datafield tag="040" ind1=" " ind2=" ">
      <subfield code="a">DE-101</subfield>
      <subfield code="c">DE-101</subfield>
      <subfield code="9">r:DE-101</subfield>
      <subfield code="b">ger</subfield>
      <subfield code="d">9999</subfield>
    </datafield>
    <datafield tag="042" ind1=" " ind2=" ">
      <subfield code="a">gnd1</subfield>
    </datafield>
    <datafield tag="043" ind1=" " ind2=" ">
      <subfield code="c">XA-FR</subfield>
    </datafield>
    <datafield tag="065" ind1=" " ind2=" ">
      <subfield code="a">12.2p</subfield>
      <subfield code="2">sswd</subfield>
    </datafield>
    <datafield tag="075" ind1=" " ind2=" ">
      <subfield code="b">p</subfield>
      <subfield code="2">gndgen</subfield>
    </datafield>
    <datafield tag="075" ind1=" " ind2=" ">
      <subfield code="b">piz</subfield>
      <subfield code="2">gndspec</subfield>
    </datafield>
    <datafield tag="079" ind1=" " ind2=" ">
      <subfield code="a">g</subfield>
      <subfield code="q">s</subfield>
      <subfield code="q">f</subfield>
      <subfield code="q">n</subfield>
      <subfield code="q">a</subfield>
      <subfield code="q">t</subfield>
      <subfield code="u">v</subfield>
      <subfield code="u">w</subfield>
    </datafield>
    <datafield tag="100" ind1="0" ind2=" ">
      <subfield code="a">Gualterus</subfield>
      <subfield code="c">de Castellione</subfield>
      <subfield code="d">1135-1201</subfield>
    </datafield>
    <datafield tag="375" ind1=" " ind2=" ">
      <subfield code="a">1</subfield>
      <subfield code="2">iso5218</subfield>
    </datafield>
    <datafield tag="400" ind1="0" ind2=" ">
      <subfield code="a">Gualterus</subfield>
      <subfield code="c">Castellionensis</subfield>
      <subfield code="d">1135-1201</subfield>
    </datafield>
    <datafield tag="400" ind1="0" ind2=" ">
      <subfield code="a">Gualterus</subfield>
      <subfield code="c">Castillionius</subfield>
      <subfield code="d">1135-1201</subfield>
    </datafield>
    <datafield tag="400" ind1="0" ind2=" ">
      <subfield code="a">Gualterus</subfield>
      <subfield code="c">de Castiglione</subfield>
      <subfield code="d">1135-1201</subfield>
    </datafield>
    <datafield tag="400" ind1="0" ind2=" ">
      <subfield code="a">Gualterus</subfield>
      <subfield code="c">de Castilane</subfield>
      <subfield code="d">1135-1201</subfield>
    </datafield>
    <datafield tag="400" ind1="0" ind2=" ">
      <subfield code="a">Gualterus</subfield>
      <subfield code="c">von Châtillon</subfield>
      <subfield code="d">1135-1201</subfield>
    </datafield>
    <datafield tag="400" ind1="0" ind2=" ">
      <subfield code="a">Gualterus</subfield>
      <subfield code="c">de Insulis</subfield>
      <subfield code="d">1135-1201</subfield>
    </datafield>
    <datafield tag="400" ind1="0" ind2=" ">
      <subfield code="a">Gualterus</subfield>
      <subfield code="c">ab Insulis</subfield>
      <subfield code="d">1135-1201</subfield>
    </datafield>
    <datafield tag="400" ind1="0" ind2=" ">
      <subfield code="a">Gualterus</subfield>
      <subfield code="c">Insulanus</subfield>
      <subfield code="d">1135-1201</subfield>
    </datafield>
    <datafield tag="400" ind1="0" ind2=" ">
      <subfield code="a">Gualterus</subfield>
      <subfield code="c">Poeta</subfield>
      <subfield code="d">1135-1201</subfield>
    </datafield>
    <datafield tag="400" ind1="0" ind2=" ">
      <subfield code="a">Gualterus</subfield>
      <subfield code="c">Theologus</subfield>
      <subfield code="d">1135-1201</subfield>
    </datafield>
    <datafield tag="400" ind1="0" ind2=" ">
      <subfield code="a">Gualtherus</subfield>
      <subfield code="c">de Castellione</subfield>
      <subfield code="d">1135-1201</subfield>
    </datafield>
    <datafield tag="400" ind1="0" ind2=" ">
      <subfield code="a">Gualtherus</subfield>
      <subfield code="c">ab Insulis dicti de Castellione</subfield>
      <subfield code="d">1135-1201</subfield>
    </datafield>
    <datafield tag="400" ind1="0" ind2=" ">
      <subfield code="a">Gualtherus</subfield>
      <subfield code="c">Insulanus</subfield>
      <subfield code="d">1135-1201</subfield>
    </datafield>
    <datafield tag="400" ind1="0" ind2=" ">
      <subfield code="a">Gualthero</subfield>
      <subfield code="c">ab Insulis</subfield>
      <subfield code="d">1135-1201</subfield>
    </datafield>
    <datafield tag="400" ind1="0" ind2=" ">
      <subfield code="a">Gualthér</subfield>
      <subfield code="c">Castellionský</subfield>
      <subfield code="d">1135-1201</subfield>
    </datafield>
    <datafield tag="400" ind1="0" ind2=" ">
      <subfield code="a">Gualtiero</subfield>
      <subfield code="c">di Châtillon</subfield>
      <subfield code="d">1135-1201</subfield>
    </datafield>
    <datafield tag="400" ind1="0" ind2=" ">
      <subfield code="a">Galterus</subfield>
      <subfield code="c">Castillionaeus</subfield>
      <subfield code="d">1135-1201</subfield>
    </datafield>
    <datafield tag="400" ind1="0" ind2=" ">
      <subfield code="a">Galterius</subfield>
      <subfield code="c">de Castellione</subfield>
      <subfield code="d">1135-1201</subfield>
    </datafield>
    <datafield tag="400" ind1="0" ind2=" ">
      <subfield code="a">Gautier</subfield>
      <subfield code="c">de Castiglione</subfield>
      <subfield code="d">1135-1201</subfield>
    </datafield>
    <datafield tag="400" ind1="0" ind2=" ">
      <subfield code="a">Gautier</subfield>
      <subfield code="c">de Lille</subfield>
      <subfield code="d">1135-1201</subfield>
    </datafield>
    <datafield tag="400" ind1="0" ind2=" ">
      <subfield code="a">Gauthier</subfield>
      <subfield code="c">de Châtillon</subfield>
      <subfield code="d">1135-1201</subfield>
    </datafield>
    <datafield tag="400" ind1="0" ind2=" ">
      <subfield code="a">Philippus Gualterus</subfield>
      <subfield code="c">de Castellione</subfield>
      <subfield code="d">1135-1201</subfield>
    </datafield>
    <datafield tag="400" ind1="0" ind2=" ">
      <subfield code="a">Philippus Gualterus</subfield>
      <subfield code="c">ab Insulis</subfield>
      <subfield code="d">1135-1201</subfield>
    </datafield>
    <datafield tag="400" ind1="0" ind2=" ">
      <subfield code="a">Philippus Gualterus</subfield>
      <subfield code="c">Insulanus</subfield>
      <subfield code="d">1135-1201</subfield>
    </datafield>
    <datafield tag="400" ind1="0" ind2=" ">
      <subfield code="a">Philippus Gualtherus</subfield>
      <subfield code="c">ab Insulis dicti de Castellione</subfield>
      <subfield code="d">1135-1201</subfield>
    </datafield>
    <datafield tag="400" ind1="0" ind2=" ">
      <subfield code="a">Philippe-Gautier</subfield>
      <subfield code="c">de Châtillon</subfield>
      <subfield code="d">1135-1201</subfield>
    </datafield>
    <datafield tag="400" ind1="0" ind2=" ">
      <subfield code="a">Philippe-Gautier</subfield>
      <subfield code="c">de Lille</subfield>
      <subfield code="d">1135-1201</subfield>
    </datafield>
    <datafield tag="400" ind1="0" ind2=" ">
      <subfield code="a">Walter</subfield>
      <subfield code="c">von Castiglione</subfield>
      <subfield code="d">1135-1201</subfield>
    </datafield>
    <datafield tag="400" ind1="0" ind2=" ">
      <subfield code="a">Walter</subfield>
      <subfield code="c">of Châtillon</subfield>
      <subfield code="d">1135-1201</subfield>
    </datafield>
    <datafield tag="400" ind1="0" ind2=" ">
      <subfield code="a">Walter</subfield>
      <subfield code="c">de Insula</subfield>
      <subfield code="d">1135-1201</subfield>
    </datafield>
    <datafield tag="400" ind1="0" ind2=" ">
      <subfield code="a">Walther</subfield>
      <subfield code="c">von Lille</subfield>
      <subfield code="d">1135-1201</subfield>
    </datafield>
    <datafield tag="400" ind1="1" ind2=" ">
      <subfield code="a">Castellione, Gualterus &#152;de&#156;</subfield>
      <subfield code="d">1135-1201</subfield>
    </datafield>
    <datafield tag="400" ind1="1" ind2=" ">
      <subfield code="a">Castellione, Gualtherus &#152;de&#156;</subfield>
      <subfield code="d">1135-1201</subfield>
    </datafield>
    <datafield tag="400" ind1="1" ind2=" ">
      <subfield code="a">Castellione, Galterus &#152;de&#156;</subfield>
      <subfield code="d">1135-1201</subfield>
    </datafield>
    <datafield tag="400" ind1="1" ind2=" ">
      <subfield code="a">Castellione, Galterius &#152;de&#156;</subfield>
      <subfield code="d">1135-1201</subfield>
    </datafield>
    <datafield tag="400" ind1="1" ind2=" ">
      <subfield code="a">Castellione, Philippus Gualterus &#152;de&#156;</subfield>
      <subfield code="d">1135-1201</subfield>
    </datafield>
    <datafield tag="400" ind1="1" ind2=" ">
      <subfield code="a">Castellione, Philippus &#152;de&#156;</subfield>
      <subfield code="d">1135-1201</subfield>
    </datafield>
    <datafield tag="400" ind1="1" ind2=" ">
      <subfield code="a">Châtillon, Gualterus &#152;von&#156;</subfield>
      <subfield code="d">1135-1201</subfield>
    </datafield>
    <datafield tag="400" ind1="1" ind2=" ">
      <subfield code="a">Châtillon, Gautier &#152;de&#156;</subfield>
      <subfield code="d">1135-1201</subfield>
    </datafield>
    <datafield tag="400" ind1="1" ind2=" ">
      <subfield code="a">Châtillon, Gauthier &#152;de&#156;</subfield>
      <subfield code="d">1135-1201</subfield>
    </datafield>
    <datafield tag="400" ind1="1" ind2=" ">
      <subfield code="a">Châtillon, Gaultier &#152;de&#156;</subfield>
      <subfield code="d">1135-1201</subfield>
    </datafield>
    <datafield tag="400" ind1="1" ind2=" ">
      <subfield code="a">Châtillon, Walter &#152;von&#156;</subfield>
      <subfield code="d">1135-1201</subfield>
    </datafield>
    <datafield tag="400" ind1="1" ind2=" ">
      <subfield code="a">Châtillon, Walther &#152;von&#156;</subfield>
      <subfield code="d">1135-1201</subfield>
    </datafield>
    <datafield tag="400" ind1="1" ind2=" ">
      <subfield code="a">Châstillon, Gaultier &#152;de&#156;</subfield>
      <subfield code="d">1135-1201</subfield>
    </datafield>
    <datafield tag="400" ind1="1" ind2=" ">
      <subfield code="a">Insulanus, Philippus Gualterus</subfield>
      <subfield code="d">1135-1201</subfield>
    </datafield>
    <datafield tag="400" ind1="1" ind2=" ">
      <subfield code="a">Insulis, Gualthero &#152;ab&#156;</subfield>
      <subfield code="d">1135-1201</subfield>
    </datafield>
    <datafield tag="400" ind1="1" ind2=" ">
      <subfield code="a">Insula, Walter &#152;de&#156;</subfield>
      <subfield code="d">1135-1201</subfield>
    </datafield>
    <datafield tag="400" ind1="1" ind2=" ">
      <subfield code="a">Isle, Gaultier &#152;de l'&#156;</subfield>
      <subfield code="d">1135-1201</subfield>
    </datafield>
    <datafield tag="400" ind1="1" ind2=" ">
      <subfield code="a">Isle, Philippus Gualterus &#152;de l'&#156;</subfield>
      <subfield code="d">1135-1201</subfield>
    </datafield>
    <datafield tag="400" ind1="1" ind2=" ">
      <subfield code="a">L'Isle, Gaultier &#152;de&#156;</subfield>
      <subfield code="d">1135-1201</subfield>
    </datafield>
    <datafield tag="400" ind1="1" ind2=" ">
      <subfield code="a">Gualterus, Philippus</subfield>
      <subfield code="d">1135-1201</subfield>
    </datafield>
    <datafield tag="400" ind1="1" ind2=" ">
      <subfield code="a">Gualtherus, Philippus</subfield>
      <subfield code="d">1135-1201</subfield>
    </datafield>
    <datafield tag="400" ind1="1" ind2=" ">
      <subfield code="a">Gualtherius, Philippus</subfield>
      <subfield code="d">1135-1201</subfield>
    </datafield>
    <datafield tag="400" ind1="1" ind2=" ">
      <subfield code="a">Gaultherus, Philippus</subfield>
      <subfield code="d">1135-1201</subfield>
    </datafield>
    <datafield tag="400" ind1="1" ind2=" ">
      <subfield code="a">Galterus, Philippus</subfield>
      <subfield code="d">1135-1201</subfield>
    </datafield>
    <datafield tag="400" ind1="1" ind2=" ">
      <subfield code="a">Gautier de Châtillon, Philippe</subfield>
      <subfield code="d">1135-1201</subfield>
    </datafield>
    <datafield tag="400" ind1="1" ind2=" ">
      <subfield code="a">Gautier, Philippe</subfield>
      <subfield code="d">1135-1201</subfield>
    </datafield>
    <datafield tag="400" ind1="1" ind2=" ">
      <subfield code="a">Gualterus ab Insulis, Philippus</subfield>
      <subfield code="d">1135-1201</subfield>
    </datafield>
    <datafield tag="400" ind1="1" ind2=" ">
      <subfield code="a">Gualterus Insulanus, Philippus</subfield>
      <subfield code="d">1135-1201</subfield>
    </datafield>
    <datafield tag="400" ind1="1" ind2=" ">
      <subfield code="a">Galtherus, Philippus</subfield>
      <subfield code="d">1135-1201</subfield>
    </datafield>
    <datafield tag="400" ind1="0" ind2=" ">
      <subfield code="a">Gauthier</subfield>
      <subfield code="c">de Chastillon</subfield>
      <subfield code="d">1135-1201</subfield>
    </datafield>
    <datafield tag="400" ind1="0" ind2=" ">
      <subfield code="a">Gaultier</subfield>
      <subfield code="c">de Châtillon</subfield>
      <subfield code="d">1135-1201</subfield>
    </datafield>
    <datafield tag="400" ind1="0" ind2=" ">
      <subfield code="a">Galterus</subfield>
      <subfield code="c">de Castellione</subfield>
      <subfield code="d">1135-1201</subfield>
    </datafield>
    <datafield tag="400" ind1="0" ind2=" ">
      <subfield code="a">Gautier</subfield>
      <subfield code="c">de Châtillon</subfield>
      <subfield code="d">1135-1201</subfield>
    </datafield>
    <datafield tag="400" ind1="0" ind2=" ">
      <subfield code="a">Walter</subfield>
      <subfield code="c">von Châtillon</subfield>
      <subfield code="d">1135-1201</subfield>
    </datafield>
    <datafield tag="400" ind1="0" ind2=" ">
      <subfield code="a">Walter</subfield>
      <subfield code="c">von Lille</subfield>
      <subfield code="d">1135-1201</subfield>
    </datafield>
    <datafield tag="400" ind1="0" ind2=" ">
      <subfield code="a">Walther</subfield>
      <subfield code="c">von Châtillon</subfield>
      <subfield code="d">1135-1201</subfield>
    </datafield>
    <datafield tag="400" ind1="0" ind2=" ">
      <subfield code="a">Walter</subfield>
      <subfield code="c">von Chatillon</subfield>
      <subfield code="d">1135-1201</subfield>
    </datafield>
    <datafield tag="400" ind1="0" ind2=" ">
      <subfield code="a">Gualtherus</subfield>
      <subfield code="c">von Châtillon</subfield>
      <subfield code="d">1135-1201</subfield>
      <subfield code="9">v:(VD-16)</subfield>
    </datafield>
    <datafield tag="400" ind1="1" ind2=" ">
      <subfield code="a">Gualtherus, Episcopus Insulanus</subfield>
      <subfield code="d">1135-1201</subfield>
    </datafield>
    <datafield tag="500" ind1="1" ind2=" ">
      <subfield code="0">(DE-101)118500643</subfield>
      <subfield code="0">(DE-588)118500643</subfield>
      <subfield code="0">https://d-nb.info/gnd/118500643</subfield>
      <subfield code="a">Adelphus, Johannes</subfield>
      <subfield code="d">1485-1523</subfield>
      <subfield code="4">beza</subfield>
      <subfield code="4">https://d-nb.info/standards/elementset/gnd#acquaintanceshipOrFriendship</subfield>
      <subfield code="w">r</subfield>
      <subfield code="i">Bekanntschaft</subfield>
      <subfield code="e">Bekanntschaft</subfield>
      <subfield code="9">v:VD-16 Mitverf.</subfield>
    </datafield>
    <datafield tag="500" ind1="1" ind2=" ">
      <subfield code="0">(DE-101)119660385</subfield>
      <subfield code="0">(DE-588)119660385</subfield>
      <subfield code="0">https://d-nb.info/gnd/119660385</subfield>
      <subfield code="a">Eck, Oswald &#152;von&#156;</subfield>
      <subfield code="d">-1573</subfield>
      <subfield code="4">beza</subfield>
      <subfield code="4">https://d-nb.info/standards/elementset/gnd#acquaintanceshipOrFriendship</subfield>
      <subfield code="w">r</subfield>
      <subfield code="i">Bekanntschaft</subfield>
      <subfield code="e">Bekanntschaft</subfield>
      <subfield code="9">v:VD-16 Mitverf.</subfield>
    </datafield>
    <datafield tag="500" ind1="1" ind2=" ">
      <subfield code="0">(DE-101)119744406</subfield>
      <subfield code="0">(DE-588)119744406</subfield>
      <subfield code="0">https://d-nb.info/gnd/119744406</subfield>
      <subfield code="a">Linck, Sebastian</subfield>
      <subfield code="4">beza</subfield>
      <subfield code="4">https://d-nb.info/standards/elementset/gnd#acquaintanceshipOrFriendship</subfield>
      <subfield code="w">r</subfield>
      <subfield code="i">Bekanntschaft</subfield>
      <subfield code="e">Bekanntschaft</subfield>
      <subfield code="9">v:VD-16 Mitverf.</subfield>
    </datafield>
    <datafield tag="500" ind1="1" ind2=" ">
      <subfield code="a">Ziegler, Hieronymus</subfield>
      <subfield code="4">beza</subfield>
      <subfield code="4">https://d-nb.info/standards/elementset/gnd#acquaintanceshipOrFriendship</subfield>
      <subfield code="w">r</subfield>
      <subfield code="i">Bekanntschaft</subfield>
      <subfield code="e">Bekanntschaft</subfield>
      <subfield code="9">v:VD-16 Mitverf.</subfield>
    </datafield>
    <datafield tag="548" ind1=" " ind2=" ">
      <subfield code="a">1135-1201</subfield>
      <subfield code="4">datl</subfield>
      <subfield code="4">https://d-nb.info/standards/elementset/gnd#dateOfBirthAndDeath</subfield>
      <subfield code="w">r</subfield>
      <subfield code="i">Lebensdaten</subfield>
      <subfield code="9">v:Geburtsjahr ca.</subfield>
    </datafield>
    <datafield tag="550" ind1=" " ind2=" ">
      <subfield code="0">(DE-101)040533093</subfield>
      <subfield code="0">(DE-588)4053309-8</subfield>
      <subfield code="0">https://d-nb.info/gnd/4053309-8</subfield>
      <subfield code="a">Schriftsteller</subfield>
      <subfield code="4">berc</subfield>
      <subfield code="4">https://d-nb.info/standards/elementset/gnd#professionOrOccupation</subfield>
      <subfield code="w">r</subfield>
      <subfield code="i">Charakteristischer Beruf</subfield>
    </datafield>
    <datafield tag="550" ind1=" " ind2=" ">
      <subfield code="0">(DE-101)040597563</subfield>
      <subfield code="0">(DE-588)4059756-8</subfield>
      <subfield code="0">https://d-nb.info/gnd/4059756-8</subfield>
      <subfield code="a">Theologe</subfield>
      <subfield code="4">beru</subfield>
      <subfield code="4">https://d-nb.info/standards/elementset/gnd#professionOrOccupation</subfield>
      <subfield code="w">r</subfield>
      <subfield code="i">Beruf</subfield>
    </datafield>
    <datafield tag="667" ind1=" " ind2=" ">
      <subfield code="a">12-PMA</subfield>
    </datafield>
    <datafield tag="667" ind1=" " ind2=" ">
      <subfield code="a">12</subfield>
    </datafield>
    <datafield tag="667" ind1=" " ind2=" ">
      <subfield code="a">7</subfield>
    </datafield>
    <datafield tag="667" ind1=" " ind2=" ">
      <subfield code="a">VD-17</subfield>
    </datafield>
    <datafield tag="667" ind1=" " ind2=" ">
      <subfield code="a">VD-16</subfield>
    </datafield>
    <datafield tag="670" ind1=" " ind2=" ">
      <subfield code="a">M</subfield>
    </datafield>
    <datafield tag="672" ind1=" " ind2="0">
      <subfield code="a">Die zehn Gedichte des Walther von Lille, genannt von Châti*</subfield>
      <subfield code="f">1859</subfield>
    </datafield>
    <datafield tag="672" ind1=" " ind2="0">
      <subfield code="a">Alexandreidos libri decem</subfield>
      <subfield code="f">1541</subfield>
    </datafield>
    <datafield tag="672" ind1=" " ind2="0">
      <subfield code="a">Alexandri Magni regis Macedonum vita</subfield>
      <subfield code="f">1513</subfield>
    </datafield>
    <datafield tag="672" ind1=" " ind2="0">
      <subfield code="a">[Poematorum] libri decem</subfield>
      <subfield code="f">1558</subfield>
    </datafield>
    <datafield tag="672" ind1=" " ind2="0">
      <subfield code="a">Alexandreis</subfield>
      <subfield code="f">1863</subfield>
    </datafield>
    <datafield tag="672" ind1=" " ind2="0">
      <subfield code="a">Alexanders saga</subfield>
      <subfield code="f">1848</subfield>
    </datafield>
    <datafield tag="672" ind1=" " ind2="0">
      <subfield code="a">Alexanders Saga</subfield>
      <subfield code="f">1925</subfield>
    </datafield>
    <datafield tag="672" ind1=" " ind2="0">
      <subfield code="a">Die Gedichte</subfield>
    </datafield>
    <datafield tag="672" ind1=" " ind2="0">
      <subfield code="a">Christensen, Heinrich J.: Das Alexanderlied Walters von Châtillon</subfield>
      <subfield code="f">1905</subfield>
    </datafield>
    <datafield tag="672" ind1=" " ind2="0">
      <subfield code="a">Liber de trinitate. - [ca. 1725]</subfield>
    </datafield>
    <datafield tag="672" ind1=" " ind2="0">
      <subfield code="a">ALEXANDREIDOS GALTERI POEtae clarißimi, Libri Decem. ... .  1541.  (VD16 G 3849)</subfield>
    </datafield>
    <datafield tag="672" ind1=" " ind2="0">
      <subfield code="a">Alexandri Magni Regis Macedonum vita. Per Gualtherum Episcopum Insulanum heroico carmine ...  1513.  (VD16 G 3848)</subfield>
    </datafield>
    <datafield tag="678" ind1=" " ind2=" ">
      <subfield code="b">Mittellat. Dichter</subfield>
    </datafield>
    <datafield tag="913" ind1=" " ind2=" ">
      <subfield code="S">pnd</subfield>
      <subfield code="i">5</subfield>
      <subfield code="a">Gualterus &lt;de Castellione&gt;</subfield>
      <subfield code="0">(DE-588a)118628968</subfield>
    </datafield>
    <datafield tag="913" ind1=" " ind2=" ">
      <subfield code="S">pnd</subfield>
      <subfield code="i">5</subfield>
      <subfield code="a">Walther &lt;von Châtillon&gt;</subfield>
      <subfield code="0">(DE-588a)118628968</subfield>
    </datafield>
    <datafield tag="913" ind1=" " ind2=" ">
      <subfield code="S">pnd</subfield>
      <subfield code="i">5</subfield>
      <subfield code="a">Gualterus &lt;de Castellione&gt;</subfield>
      <subfield code="0">(DE-588a)174118333</subfield>
    </datafield>
    <datafield tag="913" ind1=" " ind2=" ">
      <subfield code="S">pnd</subfield>
      <subfield code="i">5</subfield>
      <subfield code="a">Gualtherus &lt;von Châtillon&gt;</subfield>
      <subfield code="0">(DE-588a)119694174</subfield>
    </datafield>
  </record>
